@ARTICLE{Price-Whelan:2017,
       author = {{Price-Whelan}, Adrian M. and {Hogg}, David W. and
         {Foreman-Mackey}, Daniel and {Rix}, Hans-Walter},
        title = "{The Joker: A Custom Monte Carlo Sampler for Binary-star and Exoplanet Radial Velocity Data}",
      journal = {\apj},
     keywords = {binaries: spectroscopic, methods: data analysis, methods: statistical, planets and satellites: fundamental parameters, surveys, techniques: radial velocities, Astrophysics - Solar and Stellar Astrophysics, Astrophysics - Earth and Planetary Astrophysics},
         year = 2017,
        month = mar,
       volume = {837},
       number = {1},
          eid = {20},
        pages = {20},
          doi = {10.3847/1538-4357/aa5e50},
archivePrefix = {arXiv},
       eprint = {1610.07602},
 primaryClass = {astro-ph.SR},
       adsurl = {https://ui.adsabs.harvard.edu/abs/2017ApJ...837...20P},
      adsnote = {Provided by the SAO/NASA Astrophysics Data System}
}

@ARTICLE{Price-Whelan:2020,
       author = {{Price-Whelan}, Adrian M. and {Hogg}, David W. and {Rix}, Hans-Walter and
         {Beaton}, Rachael L. and {Lewis}, Hannah and {Nidever}, David L. and
         {Almeida}, Andr{\'e}s and {Barba}, Rodolfo and {Beers}, Timothy C. and
         {Carlberg}, Joleen K. and {De Lee}, Nathan and
         {Fern{\'a}ndez-Trincado}, Jos{\'e} G. and {Frinchaboy}, Peter M. and
         {Garc{\'\i}a-Hern{\'a}ndez}, D.~A. and {Green}, Paul J. and
         {Hasselquist}, Sten and {Longa-Pe{\~n}a}, Pen{\'e}lope and
         {Majewski}, Steven R. and {Nitschelm}, Christian and
         {Sobeck}, Jennifer and {Stassun}, Keivan G. and {Stringfellow}, Guy S. and
         {Troup}, Nicholas W.},
        title = "{Close Binary Companions to APOGEE DR16 Stars: 20,000 Binary-star Systems Across the Color-Magnitude Diagram}",
      journal = {arXiv e-prints},
     keywords = {Astrophysics - Solar and Stellar Astrophysics, Astrophysics - Astrophysics of Galaxies},
         year = 2020,
        month = jan,
          eid = {arXiv:2002.00014},
        pages = {arXiv:2002.00014},
archivePrefix = {arXiv},
       eprint = {2002.00014},
 primaryClass = {astro-ph.SR},
       adsurl = {https://ui.adsabs.harvard.edu/abs/2020arXiv200200014P},
      adsnote = {Provided by the SAO/NASA Astrophysics Data System}
}

@ARTICLE{Hogg:2018,
       author = {{Hogg}, David W. and {Foreman-Mackey}, Daniel},
        title = "{Data Analysis Recipes: Using Markov Chain Monte Carlo}",
      journal = {\apjs},
     keywords = {methods: data analysis, methods: numerical, methods: statistical, Astrophysics - Instrumentation and Methods for Astrophysics, Physics - Data Analysis, Statistics and Probability, Statistics - Computation},
         year = 2018,
        month = may,
       volume = {236},
       number = {1},
          eid = {11},
        pages = {11},
          doi = {10.3847/1538-4365/aab76e},
archivePrefix = {arXiv},
       eprint = {1710.06068},
 primaryClass = {astro-ph.IM},
       adsurl = {https://ui.adsabs.harvard.edu/abs/2018ApJS..236...11H},
      adsnote = {Provided by the SAO/NASA Astrophysics Data System}
}

@book{Rasmussen:2005,
author = {Rasmussen, Carl Edward and Williams, Christopher K. I.},
title = {Gaussian Processes for Machine Learning (Adaptive Computation and Machine Learning)},
year = {2005},
isbn = {026218253X},
publisher = {The MIT Press}
}

@misc{wiki:MDL,
   author = "{Wikipedia contributors}",
   title = "Matrix determinant lemma",
   year = "2020",
   url = "https://en.wikipedia.org/wiki/Matrix_determinant_lemma",
   note = "[Online; accessed 05-05-2020]"
 }

 @misc{wiki:MIL,
   author = "{Wikipedia contributors}",
   title = "Woodbury matrix identity",
   year = "2020",
   url = "https://en.wikipedia.org/wiki/Woodbury_matrix_identity",
   note = "[Online; accessed 05-05-2020]"
 }

 @book{Harville:2011,
  title={Matrix Algebra From a Statistician's Perspective},
  author={Harville, D.A.},
  isbn={9780387854229},
  url={https://www.springer.com/gp/book/9780387783567},
  year={2011},
  doi={10.1007/b98818},
  publisher={Springer New York}
}
